@PREAMBLE{
 "\providecommand{\noopsort}[1]{}" 
 # "\providecommand{\singleletter}[1]{#1}%" 
}


@book{taylor,
  author = {Taylor, John R.},
  title = {Classical Mechanics},
  year = {2005},
  publisher = {University Science Books},
  address = {Sausalito, CA},
  edition = {2nd},
}

@book{french,
  author = {French, A.P.},
  title = {Special Relativity},
  year = {1968},
  publisher = {W.W. Norton and Company Inc.},
  address = {New York, NY},
  edition = {1st},
  chapter = {2}
}

@article{Michelson1887On,
	author = {Michelson, A. A. and Morley, E. W.},
	journal = {American Journal of Science},
	doi = {10.2475/ajs.s3-34.203.333},
	number = {203},
	year = {1887},
	month = {nov 1},
	pages = {333--345},
	publisher = {American Journal of Science},
	title = {On the relative motion of the {Earth} and the luminiferous ether},
	volume = {s3-34},
}

@misc{NIST_meter,
  author = {{National Institute of Standards and Technology}},
  title = {The Meter},
  year = {n.d.},
  url = {https://www.nist.gov/si-redefinition/meter},
  note = {Accessed: 2025-03-29}
}

@article{Michelson1881relative,
	author = {Michelson, A. A.},
	journal = {American Journal of Science},
	doi = {10.2475/ajs.s3-22.128.120},
	number = {128},
	year = {1881},
	month = {aug 1},
	pages = {120--129},
	publisher = {American Journal of Science},
	title = {The relative motion of the {Earth} and of the luminiferous ether},
	volume = {s3-22},
}

@article{Turley2018,
  author = {Turley, R. Steven},
  title = {Fitting Parameter Uncertainties in Least Squares Fitting},
  journal = {Brigham Young University ScholarsArchive, Faculty Publications},
  year = {2018},
  number = {2236},
  url = {http://hdl.lib.byu.edu/1877/5106}
}




@misc{squares,
  author = {{Wikipedia contributors}},
  title = {Least Squares},
  year = {2025},
  howpublished = {\url{https://en.wikipedia.org/wiki/Least_squares}},
  note = {Accessed: 2025-02-28}
}

@ARTICLE{scipy,
  author  = {Virtanen, Pauli and Gommers, Ralf and Oliphant, Travis E. and
            Haberland, Matt and Reddy, Tyler and Cournapeau, David and
            Burovski, Evgeni and Peterson, Pearu and Weckesser, Warren and
            Bright, Jonathan and {van der Walt}, St{\'e}fan J. and
            Brett, Matthew and Wilson, Joshua and Millman, K. Jarrod and
            Mayorov, Nikolay and Nelson, Andrew R. J. and Jones, Eric and
            Kern, Robert and Larson, Eric and Carey, C J and
            Polat, {\.I}lhan and Feng, Yu and Moore, Eric W. and
            {VanderPlas}, Jake and Laxalde, Denis and Perktold, Josef and
            Cimrman, Robert and Henriksen, Ian and Quintero, E. A. and
            Harris, Charles R. and Archibald, Anne M. and
            Ribeiro, Ant{\^o}nio H. and Pedregosa, Fabian and
            {van Mulbregt}, Paul and {SciPy 1.0 Contributors}},
  title   = {{{SciPy} 1.0: Fundamental Algorithms for Scientific
            Computing in Python}},
  journal = {Nature Methods},
  year    = {2020},
  volume  = {17},
  pages   = {261--272},
  url     = {https://doi.org/10.1038/s41592-019-0686-2},
  adsurl  = {https://ui.adsabs.harvard.edu/abs/2020NatMe..17..261V},
  doi     = {10.1038/s41592-019-0686-2},
}